<record><leader>00000cas a22000007a 4500</leader><controlfield tag="001">26033897</controlfield><controlfield tag="008">920617d1879192uaruwr ne      0    0eng d</controlfield><datafield ind1=" " ind2=" " tag="010"><subfield code="a">sn 92050116 </subfield></datafield><datafield ind1=" " ind2=" " tag="040"><subfield code="a">ANU</subfield><subfield code="b">eng</subfield><subfield code="c">ANU</subfield><subfield code="d">OCLCQ</subfield></datafield><datafield ind1=" " ind2=" " tag="042"><subfield code="a">msc</subfield></datafield><datafield ind1="0" ind2="0" tag="245"><subfield code="a">Lockesburg tribune.</subfield></datafield><datafield ind1=" " ind2=" " tag="260"><subfield code="a">Lockesburg, Ark. :</subfield><subfield code="b">Tribune Print. Co.</subfield></datafield><datafield ind1=" " ind2=" " tag="300"><subfield code="a">v.</subfield></datafield><datafield ind1=" " ind2=" " tag="310"><subfield code="a">Weekly</subfield></datafield><datafield ind1="1" ind2=" " tag="362"><subfield code="a">Began in 1879?</subfield></datafield><datafield ind1=" " ind2=" " tag="580"><subfield code="a">Continued by: Gillham-Lockesburg tribune (non-extant).</subfield></datafield><datafield ind1=" " ind2=" " tag="588"><subfield code="a">Description based on: Vol. 44, no. 19 (Aug. 16, 1923).</subfield></datafield><datafield ind1=" " ind2="4" tag="651"><subfield code="a">Lockesburg (Ark.)</subfield><subfield code="v">Newspapers.</subfield></datafield><datafield ind1=" " ind2="4" tag="651"><subfield code="a">Sevier County (Ark.)</subfield><subfield code="v">Newspapers.</subfield></datafield><datafield ind1=" " ind2=" " tag="752"><subfield code="a">United States</subfield><subfield code="b">Arkansas</subfield><subfield code="c">Sevier</subfield><subfield code="d">Lockesburg.</subfield></datafield><datafield ind1="1" ind2="0" tag="785"><subfield code="t">Gillham-Lockesburg tribune</subfield></datafield><datafield ind1="1" ind2=" " tag="029"><subfield code="a">AU@</subfield><subfield code="b">000020710500</subfield></datafield></record>